<record><leader>00000cas a22000007a 4500</leader><controlfield tag="001">22472180</controlfield><controlfield tag="008">901005d18991900akuwr ne      0    0eng d</controlfield><datafield ind1=" " ind2=" " tag="010"><subfield code="a">sn 90065077 </subfield></datafield><datafield ind1=" " ind2=" " tag="040"><subfield code="a">YOX</subfield><subfield code="b">eng</subfield><subfield code="c">YOX</subfield><subfield code="d">CNK</subfield><subfield code="d">OCLCQ</subfield><subfield code="d">KRTAS</subfield><subfield code="d">OCLCQ</subfield><subfield code="d">OCLCF</subfield><subfield code="d">OCLCO</subfield></datafield><datafield ind1="1" ind2=" " tag="029"><subfield code="a">AU@</subfield><subfield code="b">000025862090</subfield></datafield><datafield ind1=" " ind2=" " tag="042"><subfield code="a">msc</subfield></datafield><datafield ind1=" " ind2=" " tag="043"><subfield code="a">n-us-ak</subfield></datafield><datafield ind1="0" ind2="0" tag="245"><subfield code="a">Nome weekly news.</subfield></datafield><datafield ind1=" " ind2=" " tag="260"><subfield code="a">Nome, Alaska :</subfield><subfield code="b">Nome News Pub. Co.</subfield></datafield><datafield ind1=" " ind2=" " tag="300"><subfield code="a">v.</subfield></datafield><datafield ind1=" " ind2=" " tag="310"><subfield code="a">Weekly</subfield></datafield><datafield ind1="1" ind2=" " tag="362"><subfield code="a">Began Oct. 9, 1899; ceased in 1900.</subfield></datafield><datafield ind1=" " ind2=" " tag="500"><subfield code="a">Editor: J.F.A. Strong, &lt;Dec. 16, 1899-&gt;</subfield></datafield><datafield ind1=" " ind2=" " tag="588"><subfield code="a">Description based on: Vol. 1, no. 11 (Dec. 16, 1899).</subfield></datafield><datafield ind1=" " ind2="0" tag="651"><subfield code="a">Nome (Alaska)</subfield><subfield code="v">Newspapers.</subfield></datafield><datafield ind1=" " ind2="7" tag="655"><subfield code="a">Newspapers.</subfield><subfield code="2">fast</subfield><subfield code="0">(OCoLC)fst01423814</subfield></datafield><datafield ind1=" " ind2="7" tag="651"><subfield code="a">Alaska</subfield><subfield code="z">Nome.</subfield><subfield code="2">fast</subfield><subfield code="0">(OCoLC)fst01217568</subfield></datafield><datafield ind1="1" ind2=" " tag="700"><subfield code="a">Strong, J. F. A.</subfield></datafield><datafield ind1=" " ind2=" " tag="752"><subfield code="a">United States</subfield><subfield code="b">Alaska</subfield><subfield code="c">Nome</subfield><subfield code="d">Nome.</subfield></datafield><datafield ind1="0" ind2="0" tag="785"><subfield code="t">Nome news</subfield><subfield code="w">(DLC)sn 82014364</subfield></datafield><datafield ind1=" " ind2=" " tag="938"><subfield code="a">Kirtas Technologies, Inc.</subfield><subfield code="b">KRTS</subfield><subfield code="n">740420</subfield></datafield></record>